@BOOK{zodb,
	AUTHOR="Zope developer community",
	TITLE="ZODB documentation and articles",
	PUBLISHER="ReadTheDocs",
	YEAR="2018",
}
@BOOK{ibm,
	AUTHOR="Noah Gift, Brandon Craig Rhodes",
	title="Example-driven ZODB",
	publisher="Dostupno na:
		\url{https://www.ibm.com/developerworks/aix/library/au-zodb/index.html}",
	YEAR="2008"
}
@BOOK{dataanal,
	author="Wes McKinney",
	title="Python for Data Analysis",
	year="2013",
	publisher="O'Reilly Media, Inc."
}
@BOOK{tbp,
	author="Markus Schatten, Mirko Maleković",
	title="Teorija i primjena baza podataka",
	year="2017",
	publisher="Sveučilište u Zagrebu, Fakultet organizacije i informatike,
	Varaždin",
}
